<?xml version="1.0" encoding="UTF-8"?><collection xmlns="http://www.loc.gov/MARC21/slim"><record><leader>00327nam--2200133-i-4500</leader><controlfield tag="001">000033844</controlfield><controlfield tag="002">20161230</controlfield><controlfield tag="005">20161230201039</controlfield><controlfield tag="008">060222s1000------------r-----000-0-eng-d</controlfield><datafield ind1=" " ind2=" " tag="080"><subfield code="a">621.039.577</subfield></datafield><datafield ind1=" " ind2=" " tag="100"><subfield code="a">Morgan, W</subfield></datafield><datafield ind1=" " ind2=" " tag="245"><subfield code="a">Emergency feedwater system</subfield></datafield><datafield ind1=" " ind2=" " tag="260"><subfield code="a">California, Atomic International, 1958, 9p</subfield></datafield><datafield ind1=" " ind2=" " tag="852"><subfield code="a">23784</subfield></datafield></record></collection>